%% This BibTeX bibliography file was created using BibDesk.
%% http://bibdesk.sourceforge.net/


%% Created for Gustavo Wiederhecker at 2014-03-05 03:54:04 PM -0300 


%% Saved with string encoding Unicode (UTF-8) 



@book{Brophy:1990aa,
	Address = {New York},
	Annote = {LDR    00747pam  2200241 a 4500
001    1035667
005    19891218092751.0
008    890511s1990    nyua     b    001 0 eng  
035    $9(DLC)   89012115
906    $a7$bcbc$corignew$d1$eocip$f19$gy-gencatlg
010    $a   89012115 
020    $a0070081476 :$c$49.95
040    $aDLC$cDLC$dDLC
050 00 $aTK7815$b.B74 1990
082 00 $a621.381$220
100 1  $aBrophy, James John,$d1926-
245 10 $aBasic electronics for scientists /$cJames J. Brophy.
250    $a5th ed.
260    $aNew York :$bMcGraw-Hill,$cc1990.
300    $axvi, 462 p. :$bill. ;$c25 cm.
504    $aIncludes bibliographies and index.
650  0 $aElectronics.
991    $bc-GenColl$hTK7815$i.B74 1990$tCopy 1$wBOOKS
},
	Author = {Brophy, James John},
	Call-Number = {TK7815},
	Date-Added = {2014-03-05 06:53:55 PM +0000},
	Date-Modified = {2014-03-05 06:53:55 PM +0000},
	Dewey-Call-Number = {621.381},
	Edition = {5th ed},
	Genre = {Electronics},
	Isbn = {0070081476},
	Library-Id = {89012115},
	Publisher = {McGraw-Hill},
	Title = {Basic electronics for scientists},
	Year = {1990}}

@book{Walker:2008aa,
	Address = {Hoboken, NJ},
	Annote = {LDR    02291cam  2200421 a 4500
001    15351415
005    20100420164415.0
008    060703m20089999njua          001 0 eng  
906    $a7$bcbc$corignew$d1$eocip$f20$gy-gencatlg
925 0  $aacquire$b1 shelf copy$xpolicy default, Sel/sdb, 2007-03-14
955    $apc24 2006-07-03 RUSH to ASCD$ajp20 2006-07-05 to CIP Div. to investigate 1-vol. version vs. 5 vol. version$ajp20 2006-07-28 RUSH CIP recd from CIP Div$cjp20 2006-07-28 to subj$djp03 2006-07-28$ejp03 2006-07-28 to Dewey$aaa07 2006-07-28$aps10 2007-03-14 part 1 rec'd, to CIP ver.$aSel/sdb 2007-03-14 asked CIP liason to acquire extended ed. as the best ed. for the Library.  Pt. 1 rec'd & will be held on CIP mailroom problem shelf.$asb21 ot to cip$ata05 2008-07-01 restore record$epv15 2008-07-07 Copy 1, pt. 1-2, to BCCD$crg01 2008-12-30 pt. 3 to BCCD$frg07 2010-03-16, added pt. 4, c. 1$aBarcode 00251308962 returned from bindery 2010-04-20
010    $a  2006041375
040    $aDLC$cDLC$dBAKER$dC#P$dBTCTA$dYDXCP$dDLC
020    $a9780470044759 (pt. 1 : pbk.)
020    $a0470044756 (pt 1 : pbk.)
020    $a9780470044766 (pt. 2 : pbk.)
020    $a0470044764 (pt. 2 : pbk.)
020    $a9780470044773 (pt. 3 : pbk.)
020    $a0470044772 (pt. 3 : pbk.)
020    $a9780470044780 (pt. 4 : pbk.)
020    $a0470044780 (pt. 4 : pbk.)
020    $a9780470044797 (pt. 5 : pbk.)
020    $a0470044799 (pt. 5 : pbk.)
035    $a(OCoLC)70778365$z(OCoLC)144524321$z(OCoLC)150371454
050 00 $aQC21.3$b.H35 2008
082 00 $a530$222
100 1  $aWalker, Jearl,$d1945-
245 10 $aFundamentals of physics.
246 1  $iAt head of title:$aHalliday/Resnick
250    $a8th ed. /$bJearl Walker.
260    $aHoboken, NJ :$bWiley,$cc2008-
300    $av. <1-3  > :$bill. (chiefly col.) ;$c28 cm.
500    $aIncludes indexes.
500    $aPrev. ed. cataloged as: Fundamentals of physics / David Halliday, Robert Resnick, Jearl Walker.
650  0 $aPhysics$vTextbooks.
700 1  $aHalliday, David,$d1916-
700 1  $aResnick, Robert,$d1923-
952    $aThis record was found 2008-07-01 to be deleted. It was restored 2008-07-01 but we were not able to locate "book or books" verified earlier (2007-08-09). pv15 2008-07-07.
},
	Author = {Walker, Jearl and Halliday, David and Resnick, Robert},
	Call-Number = {QC21.3},
	Date-Added = {2014-03-05 06:53:27 PM +0000},
	Date-Modified = {2014-03-05 06:53:27 PM +0000},
	Dewey-Call-Number = {530},
	Edition = {8th ed.},
	Genre = {Physics},
	Isbn = {9780470044759 (pt. 1 : pbk.)},
	Library-Id = {2006041375},
	Publisher = {Wiley},
	Title = {Fundamentals of physics},
	Year = {2008}}

@book{Feynman:2010aa,
	Address = {New York},
	Annote = {LDR    01929cam  22004937a 4500
001    16481219
005    20130730103955.0
008    100928t20112010nyua     b    001 0 eng d
906    $a7$bcbc$ccopycat$d2$encip$f20$gy-gencatlg
925 0  $aacquire$b2 shelf copies$xpolicy default
955    $bxh58 2011-09-02 z-processor$ixh58 2011-09-02 ; to Dewey 2011-09-02$txh58 2011-09-03 c. 2 added
010    $a  2010938208
020    $a9780465024148 (v. 1 : hardback)
020    $a9780465024933 (v. 1 : pbk.)
020    $a0465024149 (v. 1 : hardback)
020    $a9780465024162 (v. 2 : hardback)
020    $a0465024165 (v. 2 : hardback)
020    $a9780465024179 (v. 3 : hardback)
020    $a0465024173 (v. 3 : hardback)
020    $a9780465025015 (v. 3 : pbk.)
020    $a9780465023820 (set : hardback)
020    $a0465023827 (set : hardback)
035    $a(OCoLC)ocn671704374
040    $aBTCTA$beng$cBTCTA$dGZM$dYDXCP$dDLC
042    $alccopycat
050 00 $aQC23$b.F47 2011
100 1  $aFeynman, Richard P.$q(Richard Phillips),$d1918-1988.
245 14 $aThe Feynman lectures on physics /$cFeynman, Leighton, Sands.
246 30 $aLectures on physics
250    $aNew millennium ed.
260    $aNew York :$bBasic Books,$c[2011], c2010.
300    $a3 v. :$bill. ;$c29 cm.
500    $aOriginally published 1963-1965.
500    $aNew edition features improved typography, figures and tables, expanded indexes, and 885 new corrections.
504    $aIncludes bibliographical references and indexes.
505 0  $av. 1. Mainly mechanics, radiation, and heat -- v. 2. Mainly electromagnetism and matter -- v. 3. Quantum mechanics.
650  0 $aPhysics.
650  0 $aMechanics.
650  0 $aRadiation.
650  0 $aThermodynamics.
650  0 $aElectromagnetism.
650  0 $aQuantum theory.
700 1  $aLeighton, Robert B.
700 1  $aSands, Matthew L.$q(Matthew Linzee)
},
	Author = {Feynman, Richard P and Leighton, Robert B and Sands, Matthew L},
	Call-Number = {QC23},
	Date-Added = {2014-03-05 02:03:22 AM +0000},
	Date-Modified = {2014-03-05 02:04:02 AM +0000},
	Edition = {New millennium ed},
	Genre = {Physics},
	Isbn = {9780465024148 (v. 1 : hardback)},
	Library-Id = {2010938208},
	Publisher = {Basic Books},
	Title = {The Feynman lectures on physics},
	Year = {2010}}

@book{Jackson:1999aa,
	Address = {New York},
	Annote = {LDR    01202pam  2200289 a 4500
001    4491764
005    20030910204701.0
008    971204s1999    nyua     b    001 0 eng  
035    $9(DLC)   97046873
906    $a7$bcbc$corignew$d1$eocip$f19$gy-gencatlg
955    $apc17 to ja00 12-04-97; je43 12-04-97 to je08; 05Dec97 JE08 to SL; je05 to DDC 12-08-97;aa05 12-10-97; jk00 08-04-98; CIP ver. jk14 09-03-98
010    $a   97046873 
020    $a047130932X (cloth : acid-free paper)
040    $aDLC$cDLC$dDLC
050 00 $aQC631$b.J3 1999
082 00 $a537.6$221
100 1  $aJackson, John David,$d1925-
245 10 $aClassical electrodynamics /$cJohn David Jackson.
250    $a3rd ed.
260    $aNew York :$bWiley,$cc1999.
300    $axxi, 808 p. :$bill. ;$c26 cm.
504    $aIncludes bibliographical references (p. 785-790) and index.
650  0 $aElectrodynamics.
856 42 $3Publisher description$uhttp://www.loc.gov/catdir/description/wiley033/97046873.html
856 4  $3Table of Contents$uhttp://www.loc.gov/catdir/toc/onix04/97046873.html
991    $bc-GenColl$hQC631$i.J3 1999$p00054406162$tCopy 1$wBOOKS
991    $br-SciRR$hQC631$i.J3 1999$tCopy 1$wGenBib bi 99-007241
},
	Author = {Jackson, John David},
	Call-Number = {QC631},
	Date-Added = {2014-03-05 02:02:56 AM +0000},
	Date-Modified = {2014-03-05 02:04:00 AM +0000},
	Dewey-Call-Number = {537.6},
	Edition = {3rd ed},
	Genre = {Electrodynamics},
	Isbn = {047130932X (cloth : acid-free paper)},
	Library-Id = {97046873},
	Publisher = {Wiley},
	Title = {Classical electrodynamics},
	Url = {http://www.loc.gov/catdir/description/wiley033/97046873.html},
	Year = {1999},
	Bdsk-Url-1 = {http://www.loc.gov/catdir/description/wiley033/97046873.html}}

@comment{BibDesk Smart Groups{
<?xml version="1.0" encoding="UTF-8"?>
<!DOCTYPE plist PUBLIC "-//Apple//DTD PLIST 1.0//EN" "http://www.apple.com/DTDs/PropertyList-1.0.dtd">
<plist version="1.0">
<array>
	<dict>
		<key>conditions</key>
		<array>
			<dict>
				<key>comparison</key>
				<integer>2</integer>
				<key>key</key>
				<string>BibTeX Type</string>
				<key>value</key>
				<string>book</string>
				<key>version</key>
				<string>1</string>
			</dict>
		</array>
		<key>conjunction</key>
		<integer>0</integer>
		<key>group name</key>
		<string>Books</string>
	</dict>
</array>
</plist>
}}
