%% This BibTeX bibliography file was created using BibDesk.
%% http://bibdesk.sourceforge.net/


%% Created for Gustavo Wiederhecker at 2014-05-06 15:38:30 -0300 


%% Saved with string encoding Unicode (UTF-8) 



@book{Fow75,
	Address = {New York},
	Annote = {LDR    00744cam  2200241 i 4500
001    2678988
005    19920613082543.3
008    741025s1975    nyua     b    000 0 eng  
035    $9(DLC)   74023437
906    $a7$bcbc$corignew$d1$eocip$f19$gy-gencatlg
010    $a   74023437 
020    $a0030894042
040    $aDLC$cDLC$dDLC
050 00 $aQC395.2$b.F68 1975
082 00 $a535/.2
100 1  $aFowles, Grant R.
245 10 $aIntroduction to modern optics /$cGrant R. Fowles.
250    $a2d ed.
260    $aNew York :$bHolt, Rinehart and Winston,$c[1975]
300    $aviii, 328 p. :$bill. ;$c25 cm.
504    $aBibliography: p. 317-318.
650  0 $aPhysical optics.
991    $bc-GenColl$hQC395.2$i.F68 1975$p00036718389$tCopy 1$wBOOKS
},
	Author = {Fowles, Grant R},
	Call-Number = {QC395.2},
	Date-Added = {2014-05-06 18:38:22 +0000},
	Date-Modified = {2014-05-06 18:38:22 +0000},
	Dewey-Call-Number = {535/.2},
	Edition = {2d ed},
	Genre = {Physical optics},
	Isbn = {0030894042},
	Library-Id = {74023437},
	Publisher = {Holt, Rinehart and Winston},
	Title = {Introduction to modern optics},
	Year = {1975}}

@book{WalHalRes08,
	Address = {Hoboken, NJ},
	Annote = {LDR    02291cam  2200421 a 4500
001    15351415
005    20100420164415.0
008    060703m20089999njua          001 0 eng  
906    $a7$bcbc$corignew$d1$eocip$f20$gy-gencatlg
925 0  $aacquire$b1 shelf copy$xpolicy default, Sel/sdb, 2007-03-14
955    $apc24 2006-07-03 RUSH to ASCD$ajp20 2006-07-05 to CIP Div. to investigate 1-vol. version vs. 5 vol. version$ajp20 2006-07-28 RUSH CIP recd from CIP Div$cjp20 2006-07-28 to subj$djp03 2006-07-28$ejp03 2006-07-28 to Dewey$aaa07 2006-07-28$aps10 2007-03-14 part 1 rec'd, to CIP ver.$aSel/sdb 2007-03-14 asked CIP liason to acquire extended ed. as the best ed. for the Library.  Pt. 1 rec'd & will be held on CIP mailroom problem shelf.$asb21 ot to cip$ata05 2008-07-01 restore record$epv15 2008-07-07 Copy 1, pt. 1-2, to BCCD$crg01 2008-12-30 pt. 3 to BCCD$frg07 2010-03-16, added pt. 4, c. 1$aBarcode 00251308962 returned from bindery 2010-04-20
010    $a  2006041375
040    $aDLC$cDLC$dBAKER$dC#P$dBTCTA$dYDXCP$dDLC
020    $a9780470044759 (pt. 1 : pbk.)
020    $a0470044756 (pt 1 : pbk.)
020    $a9780470044766 (pt. 2 : pbk.)
020    $a0470044764 (pt. 2 : pbk.)
020    $a9780470044773 (pt. 3 : pbk.)
020    $a0470044772 (pt. 3 : pbk.)
020    $a9780470044780 (pt. 4 : pbk.)
020    $a0470044780 (pt. 4 : pbk.)
020    $a9780470044797 (pt. 5 : pbk.)
020    $a0470044799 (pt. 5 : pbk.)
035    $a(OCoLC)70778365$z(OCoLC)144524321$z(OCoLC)150371454
050 00 $aQC21.3$b.H35 2008
082 00 $a530$222
100 1  $aWalker, Jearl,$d1945-
245 10 $aFundamentals of physics.
246 1  $iAt head of title:$aHalliday/Resnick
250    $a8th ed. /$bJearl Walker.
260    $aHoboken, NJ :$bWiley,$cc2008-
300    $av. <1-3  > :$bill. (chiefly col.) ;$c28 cm.
500    $aIncludes indexes.
500    $aPrev. ed. cataloged as: Fundamentals of physics / David Halliday, Robert Resnick, Jearl Walker.
650  0 $aPhysics$vTextbooks.
700 1  $aHalliday, David,$d1916-
700 1  $aResnick, Robert,$d1923-
952    $aThis record was found 2008-07-01 to be deleted. It was restored 2008-07-01 but we were not able to locate "book or books" verified earlier (2007-08-09). pv15 2008-07-07.
},
	Author = {Walker, Jearl and Halliday, David and Resnick, Robert},
	Call-Number = {QC21.3},
	Date-Added = {2014-05-06 18:37:14 +0000},
	Date-Modified = {2014-05-06 18:37:14 +0000},
	Dewey-Call-Number = {530},
	Edition = {8th ed.},
	Genre = {Physics},
	Isbn = {9780470044759 (pt. 1 : pbk.)},
	Library-Id = {2006041375},
	Publisher = {Wiley},
	Title = {Fundamentals of physics},
	Year = {2008}}
